@article{ball1968,
  title={An empirical evaluation of accounting income numbers},
  author={Ball, Ray and Brown, Philip},
  journal={Journal of Accounting Research},
  volume={6},
  number={2},
  pages={159--178},
  year={1968},
  publisher={Wiley}
}

@article{beaver1968,
  title={The information content of annual earnings announcements},
  author={Beaver, William H},
  journal={Journal of Accounting Research},
  volume={6},
  pages={67--92},
  year={1968},
  publisher={Wiley}
}

@article{bollerslev2009,
  title={Expected stock returns and variance risk premia},
  author={Bollerslev, Tim and Tauchen, George and Zhou, Hao},
  journal={Review of Financial Studies},
  volume={22},
  number={11},
  pages={4463--4492},
  year={2009},
  publisher={Oxford University Press}
}

@article{bollerslev2011,
  title={Tails, fears, and risk premia},
  author={Bollerslev, Tim and Todorov, Viktor},
  journal={Journal of Finance},
  volume={66},
  number={6},
  pages={2165--2211},
  year={2011},
  publisher={Wiley Online Library}
}

@article{carr2009,
  title={Variance risk premiums},
  author={Carr, Peter and Wu, Liuren},
  journal={Review of Financial Studies},
  volume={22},
  number={3},
  pages={1311--1341},
  year={2009},
  publisher={Oxford University Press}
}

@article{chordia2002,
  title={Order imbalance, liquidity, and market returns},
  author={Chordia, Tarun and Roll, Richard and Subrahmanyam, Avanidhar},
  journal={Journal of Financial Economics},
  volume={65},
  number={1},
  pages={111--130},
  year={2002},
  publisher={Elsevier}
}

@article{christoffersen2013,
  title={Capturing option anomalies with a variance-dependent pricing kernel},
  author={Christoffersen, Peter and Heston, Steven and Jacobs, Kris},
  journal={Review of Financial Studies},
  volume={26},
  number={8},
  pages={1963--2006},
  year={2013},
  publisher={Oxford University Press}
}

@article{kelly1956,
  title={A new interpretation of information rate},
  author={Kelly Jr, John L},
  journal={Bell System Technical Journal},
  volume={35},
  number={4},
  pages={917--926},
  year={1956},
  publisher={Wiley Online Library}
}

@book{maclean2010,
  title={Kelly Capital Growth Investment Criterion},
  author={MacLean, Leonard C and Thorp, Edward O and Ziemba, William T},
  year={2010},
  publisher={World Scientific},
  address={Singapore}
}

@article{patell1979,
  title={Anticipated information releases reflected in call option prices},
  author={Patell, James M and Wolfson, Mark A},
  journal={Journal of Accounting and Economics},
  volume={1},
  number={2},
  pages={117--140},
  year={1979},
  publisher={Elsevier}
}

@article{trolle2009,
  title={Unspanned stochastic volatility and the pricing of commodity derivatives},
  author={Trolle, Anders B and Schwartz, Eduardo S},
  journal={Review of Financial Studies},
  volume={22},
  number={11},
  pages={4423--4461},
  year={2009},
  publisher={Oxford University Press}
}

@article{yang2000,
  title={Drift-independent volatility estimation based on high, low, open, and close prices},
  author={Yang, Dennis and Zhang, Qiang},
  journal={Journal of Business},
  volume={73},
  number={3},
  pages={477--492},
  year={2000},
  publisher={University of Chicago Press}
}